@article{borie-etal:2024, 
	doi = {10.21105/joss.06226}, 
	year = {2024}, 
	publisher = {The Open Journal}, 
	volume = {9}, 
	number = {97}, 
	pages = {6226}, 
	author = {P. Borie and A. Marcotte and F. Bastin and S. Dellacherie}, 
	title = {Enlsip.jl: A {Julia} optimization package to solve constrained nonlinear least-squares problems}, 
	journal = {Journal of Open Source Software}} 

@techreport{lucksanvlcek:1999,
	author={L. Luk{\v s}an and J. Vl{\v c}ek},
	title={Sparse and Partially Separable Test Problems for Unconstrained and Equality Constrained Optimization},
	institution = {Institute of Computer Science, Academy of Sciences of the Czech Republic},
	type = {Technical Report},
	number ={767},
	year={1999}}
	
@techreport{lindstrom:1983,
	author = {P. Lindstr{\"o}m},
	title = {A general purpose algorithm for nonlinear least squares problems with nonlinear constraints},
	type = {Report},
	institution = {Institute of Information Processing, University of Ume{\aa}},
	number = {UMINF-102.82},
	address = {Sweden},
	year = {1983}}

@article{lindstromwedin:1984,
  author  = {P. Lindstr{\"o}m and P.{\AA}. Wedin},
  journal = {Mathematical Programming},
  pages   = {268--296},
  title   = {A new linesearch algorithm for nonlinear least squares problems},
  volume  = {Vol. 29},
  number  = {3},
  year    = {1984},
  doi     = {10.1007/BF02591997}}

@techreport{lindstromwedin:1988,
	author = {P. Lindstr{\"o}m and P.{\AA}. Wedin},
	title = {{Gauss-Newton} based algorithms for constrained nonlinear least squares problems},
	type = {Technical Report},
	institution = {Institute of Information Processing, University of Ume{\aa}},
	number = { S-901 87},
	address = {Sweden},
	year = {1988}}

@inproceedings{grenieretal:2006,
  author={Michel Grenier and J. Gagnon and C. Mercier and J. Richard},
  optauthor={M. Grenier and J. Gagnon and C. Mercier and J. Richard},
  booktitle={2006 IEEE Power Engineering Society General Meeting},
  title={Short-term load forecasting at {Hydro-Québec TransÉnergie}},
  year={2006},
  volume={},
  number={},
  numpages={5},
  address = {Montreal, QC, Canada},
  doi={10.1109/PES.2006.1709029}}

@article{bezanson-etal:2017,
  title={Julia: A fresh approach to numerical computing},
  author={J. Bezanson and A. Edelman and S. Karpinski and V.B. Shah},
  journal={SIAM Review},
  volume={59},
  number={1},
  pages={65--98},
  year={2017},
  publisher={SIAM},
  doi = {10.1137/141000671}}

@article{JuMP:2017,
  title={{JuMP}: A modeling language for mathematical optimization},
  author={I. Dunning and J. Huchette and M. Lubin},
  journal={SIAM Review},
  volume={59},
  number={2},
  pages={295--320},
  year={2017},
  publisher={SIAM},
  doi = {10.1137/15M1020575}
  }
}

@Misc{nlp-models:2020,
  author = {D. Orban and A.S. Siqueira and {contributors}},
  title = {{NLPModels.jl}: Data Structures for Optimization Models},
  howpublished = {\url{https://github.com/JuliaSmoothOptimizers/NLPModels.jl}},
  year = {2020},
  DOI = {10.5281/zenodo.2558627},
}

@article{dennisetal:1981,
author = {J.E. {Dennis Jr} and D.M. Gay and R.E. Walsh},
title = {An Adaptive Nonlinear Least-Squares Algorithm},
year = {1981},
volume = {7},
number = {3},
doi = {10.1145/355958.355965},
journal = {ACM Transactions on Mathematical Software},
pages = {348–368}}

@article{dolanmore:2002,
author = {E.D. Dolan and J.J. Mor\'e},
title = {Benchmarking optimization software with performance profiles},
year = {2002},
journal = {Mathematical Programming},
volume = {Series A 91},
number = {2},
pages = {201-213},
doi = {10.1007/s101070100263}}


@article{orbansiquiera:2020,
  doi = {10.1007/s10589-020-00201-2},
  year = {2020},
  publisher = {Springer Science and Business Media {LLC}},
  volume = {76},
  number = {3},
  pages = {961--989},
  author = {D. Orban and A.S. Siqueira},
  title = {A regularization method for constrained nonlinear least squares},
  journal = {Computational Optimization and Applications}
}

@article{griewank:2003,
title={A mathematical view of automatic differentiation},
volume={12},
doi={10.1017/S0962492902000132},
journal={Acta Numerica},
publisher={Cambridge University Press},
author={A. Griewank},
year={2003},
pages={321–398}}

@article{amiribartels:1989,
author = {N. {Mahdavi-Amiri} and R.H. Bartels},
title = {Constrained Nonlinear Least Squares: An Exact Penalty Approach  with Projected Structured {quasi-Newton} Update},
journal = {ACM Transcations on Mathematical Software},
publisher = {Association for Computing Machinery},
volume = {15},
number = {3},
year = {1989},
pages = {220-242},
doi = {10.1145/66888.66891}
}

@article{amiribidabadi:2012,
author = {N. {Mahdavi-Amiri} and N. Bidabadi},
title = {Constrained Nonlinear Least Squares: A Superlinearly onvergent Projected Structured Secant Method},
journal = {International Journal of Electrical and Computer Systems},
publisher = {Avestia Publishing},
volume = {1},
number = {1},
pages = {1-8},
doi = {10.11159/ijecs.2012.001},
year = {2012}}

@article{bidabadi:2019,
author = {N. Bidabadi},
title = {Using a spectral scaling structured {BFGS} method for constrained nonlinear least squares},
journal = {Optimization Methods and Software},
volume = {34},
number = {4},
pages = {693-706},
year = {2019},
publisher = {Taylor & Francis},
doi = {10.1080/10556788.2017.1385073}}

@article{bergou-etal:2021,
author = {E.H. Bergou  and Y. Diouane and V. Kungurtsev and C.W. Royer},
title = {A Nonmonotone Matrix-Free Algorithm for Nonlinear Equality-Constrained Least-Squares Problems},
journal = {SIAM Journal on Scientific Computing},
publisher = {Society of Industrial and Applied Mathematics},
volume = {43},
number = {5},
pages = {S743-S766},
year = {2021},
doi = {10.1137/20M1349138}}

@article{fernanda-etal:2005,
author = {M. Fernanda and P. Costa and E.M.G.P Fernandes},
title = {A primal-dual interior-point algorithm for nonlinear least squares constrained problems},
journal = {Top},
publisher = {Spanish Society of Statistics and Operations Research},
volume = {13},
pages = {145-166},
year = {2005},
doi = {10.1007/BF02578992}
}

@article{herskovits-etal:2004,
	author = {J. Herkovits and V. Dubeux and C.M. Mota and A.L. Ara\'ujo},
	title = {Interior point algorithms for nonlinear constrained least squares problems},
	journal = {Inverse Problems in Science and Engineering},
	volume = {12},
	number = {2},
	pages = {211-233},
	year = {2004},
	doi = {10.1080/10682760310001598698}}

@article{herskovits:1998,
	author = {J. Herskovits},
	title = {A feasible arc interior point technique for nonlinear optimization},
	journal = {{JOTA}: Journal of Optimization Theory and Applications},
	volume = {99},
	number = {1},
	pages = {121-146},
	year = {1998},
	doi = {10.1023/A:1021752227797}}
	
@article{li-etal:2002,
author = {Z. Li and M. Osborne and T. Prvan},
title = {Adaptative Algorithm for Constrained Least-Squares Problems},
journal = {Journal of Optimization Theory and Applications},
volume = {114},
pages = {423-441},
year = {2002},
doi = {10.1023/A:1016043919978}}

@article{huschens:1993,
author = {J. Huschens},
title = {Exploiting additional in equality constrained optimization by structured SQP secant method algorithms},
journal = {Journal of Optimization Theory and Applications},
volume = {77},
pages = {343-358},
year = {1993},
doi = {10.1007/BF00940716}}

@article{goncalvesmenezes:2020,
author = {M.L.N. Gon{\c c}alves and T.C. Menezes},
title = {{Gauss–Newton} methods with approximate projections for solving constrained nonlinear least squares problems},
journal = {Journal of Complexity},
volume = {58},
pages = {101459},
year = {2020},
doi = {10.1016/j.jco.2020.101459}}

@article{salzovilla:2012,
author = {S. Salzo and S. Villa},
title = {Convergence analysis of a proximal {Gauss-Newton} method},
journal = {Cpmputational Optimization and Applications},
publisher = {Springer},
volume = {53},
pages = {557-589},
year = {2012},
doi = {10.1007/s10589-012-9476-9}}

@article{bidabadiamiri:2014,
author = {N. Bidabadi and N. {Mahdavi-Amiri}},
title = {Superlinearly Convergent Exact Penalty Methods with Projected Structured Secant Updates for Constrained Nonlinear Least Squares},
journal = {Journal of Optimization Theory and Applications},
volume = {162},
pages = {154-190},
year = {2014},
doi = {10.1007/s10957-013-0438-x}}

@article{ansariamiri:2015,
author = {M.R. Ansari and N. {Mahdavi-Amiri}},
title = {A robust combined trust region line-search exact penalty projected structured scheme for constrained nonlinear least squares},
journal = {Optimization Methods and Software},
volume = {30},
number = {1},
pages = {162-190},
year = {2015},
publisher = {Taylor & Francis},
doi = {10.1080/10556788.2014.909970}}

@article{wrightholt:1985,
author = {S.J. Wright and J.N. Holt},
title = {Algorithms for Nonlinear Least Squares with Linear Inequality Constraints},
journal = {SIAM Journal on Scientific and Statistical Computing},
volume = {6},
number = {4},
pages = {1033-1048},
year = {1985},
doi = {10.1137/0906071}}

@article{amiriansari:2012,
author = {N. {Mahdavi-Amiri} and M.R. Ansari},
title = {A Superlinearly Convergent Penlalty Method with Nonsmooth Line Search for Constrained Nonlinear Least Squares},
journal = {SQU Journal for Science},
publisher = {Sultan Qaboos University},
volume = {17},
number = {1},
pages = {103-124},
year = {2012},
doi = {10.24200/squjs.vol17iss1pp103-124}}

@article{bellavia-etal:2006,
	author = {S. Bellavia and M. Macconi and B. Morini},
	title = {An interior point {Newton}-like method for non-negative least-squares problems with degenerate solutions},
	journal = {Numerical Linear Algebra with Applications},
	volume = {13},
	pages = {825-846},
	year = {2006},
	doi = {0.1002/nla.502}}

@article{bellavia-etal:2011,
	author = {S. Bellavia and J. Gondzio and B. Morini},
	title = {Computational experience with numerical methods for nonnegative least-squares problems},
	journal = {Numerical Linear Algebra with Applications},
	volume = {18},
	number = {3},
	pages = {363-385},
	year = {2011}}
	
@article{bellavia-etal:2004,
	author = {S. Bellavia and M. Macconi and B. Morini},
	title = {{STRSCNE}: A scaled trust-region solver for constrained nonlinear equations},
	journal = {Computational Optimization and Applications},
	volume = {28},
	pages = {31-50},
	year = {2004}}
	
@article{woodruff:2014,
	author = {D.P. Woodruf},
	title = {Sketching as a tool for numerical linear algebra},
	journal = {Foundations and Trends in Theoritical Computer Science},
	volume = {10},
	number = {1-2},
	pages = {1-157},
	year = {2014},
	doi = {10.1561/0400000060}}

@article{cartis-etal:2015,
author = {C. Cartis and N.I.M Gould and {Ph}.L. Toint},
title = {On the Evaluation Complexity of Constrained Nonlinear Least-Squares and General Constrained Nonlinear Optimization Using Second-Order Methods},
journal = {SIAM Journal on Numerical Analysis},
volume = {53},
number = {2},
pages = {836-851},
year = {2015},
doi = {10.1137/130915546}}

@article{cartis-etal:2012,
	author = {C. Cartis and N.I.M Gould and {Ph}. Toint},
	title = {An adaptative cubic regularization algorithm for nonconvex optmization with convex constraints and its evaluation function complexity},
	journal = {IMA Journal of Numerical Analysis},
	volume = {32},
	pages = {1662-1695},
	year = {2012}}

@article{dehghaniamiri:2019,
author = {R. Dehghani and N. {Mahdavi-Amiri}},
title = {Scaled nonlinear conjugate gradient method for nonlinear least squares problems},
journal = {Numerical Algorithms},
volume = {82},
pages = {1-20},
year = {2019},
doi = {10.1007/s11075-018-0591-2}}

@article{dehghani-etal:2020,
	author = {M. Dehghani and A. Lambe and D. Orban},
	title = {A regularized interior-point method for constrainted linear least-squares},
	journal = {INFOR: Information Systems and Operational Research},
	volume = {58},
	number = {2},
	pages = {202-224},
	year = {2020},
	doi = {10.1080/03155986.2018.1559428}}
	

@article{golubmatt:1991,
author = {G.H. Golub and U. Matt},
title = {Quadratically constrained least-squares and quadratic problems},
journal = {Numerische Mathematik},
volume = {59},
pages = {561-580},
year = {1991},
doi = {10.1007/BF01385796}}

@article{gulliksson-etal:1997,
author = {M. Gulliksson and I. S\"{o}derkvist and P.\r{A} Wedin},
title = {Algorithms for Constrained and Weighted Nonlinear Least Squares},
journal = {SIAM Journal on Optimization},
volume = {7},
number = {1},
pages = {208-224},
year = {1997},
doi = {10.1137/S1052623493248809}}

@article{porcelli:2013,
author = {M. Porcelli},
title = {On the convergence of an inexact {Gauss-Newton} trust-region method for nonlinear least-squares problems with simple bounds},
journal = {Optimization Letters},
volume = {7},
pages = {447-465},
year = {2013},
doi = {10.1007/s11590-011-0430-z}}

@article{reichxu:2003,
author = {S. Reich and H.K. Xu},
title = {An iterative approach to a constrained least squares problem},
journal = {Abstract and Applied Analysis},
pages = {503-512},
year = {2003},
doi = {10.1155/S1085337503212082}}

@article{li:2000,
author = {Z.F. Li},
title = {On limited memory {SQP} methods for large scale constrained nonlinear least squares problems},
journal = {The Australian and New Zealand Industrial and Applied Mathematics Journal},
volume = {42},
number = {E},
pages = {C900-C917},
year = {2000},
doi = {10.21914/anziamj.v42i0.627}}

@article{sagarafukushima:1995,
author = {N. Sagara and M. Fukushima},
title = {A hybrid method for solving the nonlinear least squares problem with linear inequalty constraints},
journal = {Journal of the Operations Research Society of Japan},
volume = {38},
number = {1},
pages = {55-69},
year = {1995},
doi = {10.15807/jorsj.38.55}}

@article{yabetakahashi,
	author = {H. Yabe and T. Takahashi},
	title = {Factorized {quasi-Newton} methods for nonlinear least squares problems},
	journal = {Mathematical Programming},
	volume = {51},
	pages = {75-100},
	year = {1991}}

@article{boggs-etal:1999a,
author = {P.T. Boggs and A.J. Kearsly and J.W. Tolle},
title = {A practical algorithm for general large scale nonlinear optimizations problems},
journal = {SIAM Journal on Optimization},
publisher = {Society of Industrial and Applied Mathematics},
volume = {9},
number = {3},
pages = {755-778},
year = {1999}, 
doi = {10.1137/S105262349426722X}}

@article{boggs-etal:1999b,
author = {P.T. Boggs and A.J. Kearsly and J.W. Tolle},
title = {A practical algorithm for general large scale nonlinear optimizations problems},
journal = {SIAM Journal on Optimization},
publisher = {Society of Industrial and Applied Mathematics},
volume = {9},
number = {4},
pages = {833-862},
year = {1999}, 
doi = {10.1137/S1052623497316026}}

@article{byrd-etal:1987,
author = {R.H. Byrd and R.B. Schnabel and G.A. Schultz},
title = {A Trust Region Algorithm for Nonlinearly Constrained Optimization},
journal = {SIAM Journal on Optimization},
publisher = {Society of Industrial and Applied Mathematics},
volume = {24},
number = {5},
pages = {1152-1170},
year = {1987}, 
doi = {10.1137/0724076}}

@article{byrd-etal:1999,
author = {R.H. Byrd and M.E. Hribar and J. Nocedal},
title = {An Interior Point Algorithm for Large-Scale Nonlinear Programming},
journal = {SIAM Journal on Optimization},
publisher = {Society of Industrial and Applied Mathematics},
volume = {9},
number = {4},
pages = {877-900},
year = {1999}, 
doi = {10.1137/S1052623497325107}}

@article{byrd-etal:2003,
author = {R.H. Byrd and N.I.M Gould and J. Nocedal and R.A. Waltz},
title = {An algorithm for nonlinear optimization using linear programming and equality constrained subproblems},
journal = {Mathematical Programming},
volume = {100},
pages = {27-48},
year = {2003},
doi = {10.1007/s10107-003-0485-4}}

@article{colemanconn:1982,
	author = {T.F. Coleman and A.R. Conn},
	title = {Nonlinear programming via an exact penalty function: Global analysis},
	journal = {Mathematical Programming},
	volume = {24},
	pages = {137-161},
	year = {1982},
	doi = {10.1007/BF01585101}}
	
@article{colemanli:1996,
	author = {T.F. Coleman and Y. Li},
	title = {An interior Trust Region Approach for nonlinear minimization subject to bounds},
	journal = {SIAM Journal on Optimization},
	volume = {6},
	number = {2},
	pages = {418-445},
	year = {1996},
	doi = {10.1137/0806023}}

@article{curtis-etal:2010,
	author = {F.E. Curtis and O. Schenk and A. W\"achter},
	title = {An interior-point algorithm for large-scale nonlinear optimization with inexact-step computations},
	journal = {SIAM Journal on Scientific Computing},
	volume = {32},
	number = {6},
	pages = {3447-3475},
	year = {2010},
	doi = {10.1137/090747634}}

@article{fernandezsolodov:2014,
author = {Dami\'an Fernand\'ez and Mikhail Solodov},
title = {Stabilized {Sequential Quadratic Programming}: A Survey},
journal = {Pesquisa Operacional},
publisher = {Brazilan Operations Research Society},
volume = {34},
number = {3},
pages = {463-479},
year = {2014},
doi = {10.1590/0101-7438.2014.034.03.0463}}

@article{ferreau-etal:2012,
	author = {H.J. Ferreau and C. Kirches and A. Potschka and H.G. Bock and M. Diehl},
	title = {{qpOASES}: a parametric active-set algorithm for quadratic programming},
	journal = {Mathematical Programming Computation},
	volume = {6},
	pages = {327-363},
	year = {2014},
	doi = {10.1007/s12532-014-0071-1}}

@article{fletcherreeves:1964,
author = {R. Fletcher and C.M. Reeves},
title = {Function minimization by conjugate gradients},
journal = {The Computer Journal},
volume = {7},
number = {2},
pages = {149-154},
year = {1964},
doi = {10.1093/comjnl/7.2.149}}

@article{fletcher-etal:2002,
author = {R. Fletcher and N.I.M. Gould and S. Leyffer and {Ph}.L. Toint and A. W{\"a}chter},
title = {Global Convergence of a Trust-Region {SQP}-Filter Algorithm for General Nonlinear Programming},
journal = {SIAM Journal on Optimization},
volume = {13},
number = {3},
pages = {635--659},
year = {2002}}

@article{forsgren-etal:2016,
author = {A. Forsgren and P.E. Gill and E. Wong},
title = {Primal and dual active-set methods for convex quadratic programming},
journal = {Mathematical Programming},
volume = {159},
pages = {469-508},
year = {2016},
doi = {10.1007/s10107-015-0966-2}}

@article{forsgren-etal:2002,
author = {A. Forsgren and P.E. Gill and M.H. Wright},
title = {Interior Methods for Nonlinear Optimization},
journal = {SIAM Review},
publisher = {Society for Industrial and Applied Mathematics},
volume = {44},
number = {4},
pages = {525-597},
year = {2002},
doi = {10.1137/S0036144502414942}}

@article{friedlanderorban:2012,
author = {M.P. Friedlander and D. Orban},
title = {A primal-dual regularized interior-point method for convex quadratic programs},
journal = {Mathematical Programming Computation},
volume = {4},
pages = {71-107},
year = {2012},
doi = {10.1007/s12532-012-0035-2}}

@article{gill-etal:1997,
author = {P.E. Gill and W. Murray and M.A. Saunders},
title = {User’s Guide for {SQOPT} 5.3: A {Fortran} Package for Large-Scale Linear and Quadratic Programming},
journal = {Numerical Analysis Report 97-4},
publisher = {Department of Mathematics, University of California},
address = {San Diego, La Jolla, CA},
year = {1997}}

@article{gill-etal:2002,
	author = {P.E. Gill and W. Murray and M.A. Saunders},
	title = {{SNOPT}: An {SQP} Algorithm For Large-Scale Constrained Optimization},
	journal = {SIAM Journal on Optimization},
	volume = {12},
	number = {4},
	year = {2002},
	pages = {979-1006},
	doi = {10.1137/S1052623499350013}}
	
@article{gill-etal:1991,
	author = {P.E. Gill and W. Murray and M.A. Saunders and M.H. Wright},
	title = {Inertia-controlling method for general quadratic programming},
	journal = {SIAM Review},
	volume = {33},
	number = {1},
	year = {1991},
	pages = {1-36}}
	
	
@techreport{gill-etal:2015,
	author = {P.E. Gill and V. Kungurtsev and D.P. Robinson},
	title = {A stabilized {SQP} method: Global Convergence},
 	institution = {USCD Center for Computational Mathematics},
	type = {Technical Report},
	number = {CCoM-13-4},
	year = {2015}}
	
@article{gillrobinson:2012,
	author = {P.E. Gill and D.P. Robinson},
	title = {A primal-dual augmented {Lagrangian}},
	journal = {Computationnal Optimization and Applications},
	volume = {51},
	pages = {1-25},
	year = {2012},
	doi = {10.1007/s10589-010-9339-1}}
	
@techreport{gillwong:2010,
	author = {P.E. Gill and E. Wong},
	title = {{Sequential Quadratic Programming} Methods},
	institution = {USCD Deparment of Mathematics},
	type = {Technical Report},
	number = {NA-10-03}, 
	year = {2010}}
	
	
@techreport{gillrobinson:2011,
	author = {P.E. Gill and D.P. Robinson},
	title = {Regularized {Sequential Quadratic Programming} methods},
	type = {Technical Report},
	institution = {USCD Department of Mathematics},
	number = {NA-11-02},
	year = {2011}}

	
@article{gondzio:1996,
	author = {J. Gondzio},
	title = {Multiple Centrality Corrections in a Primal-Dual Method for Linear Programming},
	journal = {Computational Optimization and Applications},
	volume = {6},
	pages = {137-156},
	year = {1996}}

@article{griewank:1988,
	author = {A. Griewank},
	title = {On automatic differentiation},
	journal = {Argonne National Laboratory, Mathematics and Computer Science Division},
	volume = {Preprint ANL/MCS-P10-1088},
	year = {1988}}
	
@article{hagerzhang:2005,
	author = {W.W. Hager and H. Zhang},
	title = {A new conjugate gradient method with guaranteed descent and an efficient line search},
	journal = {SIAM Journal on Optimization},
	volume = {16},
	number = {1},
	pages = {170-192},
	year = {2005},
	doi = {10.1137/030601880}}
	
@article{daiyuan:1999,
	author = {Y.H. Dai and Y. Yuan},
	title = {A nonlinear conjugate gradient method with a strong global convergence property},
	journal = {SIAM Journal on Optimization},
	volume = {10},
	number = {1},
	pages = {177-182},
	year = {1999},
	doi = {10.1137/S1052623497318992}}

@article{izmailov-etal:2019,
	author = {A.F. Izmailov and M.V. Solodov and E.I. Uskov},
	title = {A globally convergent {Levenberg}-{Marquardt} method for equality-constrained optimization},
	journal = {Computational Optimization and Applications},
	volume = {72},
	pages = {215-239},
	year = {2019},
	doi = {10.1007/s10589-018-0038-7}}
	
@article{karmarkar:1984,
	author = {N. Karmarkar},
	title = {A new polynomial-time algorithm for linear programming},
	journal = {Combinatorica},
	volume = {4},
	pages = {373-195},
	year = {1984},
	doi = {10.1007/BF02579150}}
	
@article{levenberg:1944,
	author = {K. Levenberg},
	title = {A method for the solution of certain non-linear problems in least squares},
	journal = {Quarterly of Applied Mathematics},
	volume = {2},
	pages = {164-168},
	year = {1944}}
	
@article{marquardt:1963,
	author = {D.W. Marquardt},
	title = {An algorithm for least squares estimation of non-linear parameters},
	journal = {SIAM Journal},
	volume = {11},
	pages = {431-441},
	year = {1963}}
		
@article{gould-etal:2003,
	author = {N.I.M. Gould and D. Orban and {Ph}.L. Toint},
	title = {{GALAHAD}, a library of thread-safe {Fortran90} packages for large-scale nonlinear optimization},
	journal = {ACM Transactions on Mathematical Software},
	volume = {29},
	number = {4},
	pages = {353-372},
	year = {2003},
	doi = {10.1145/962437.962438}}
	
@article{lalee-etal:1998,
	author = {M. Lalee and J. Nocedal and T. Plantenga},
	title = {On the implementation of an algorithm for large-scale equality constrained optimization},
	journal = {SIAM Journal on Optimization},
	volume = {8},
	number = {3},
	pages = {682-706},
	year = {1998},
	doi = {10.1137/S1052623493262993}}
	

@article{linmore:1999a,
	author = {C.-J. Lin and J.J Mor\'e},
	title = {Newton's Method for Large Bound-Constrained Optimization Problems},
	journal = {SIAM Journal on Optimization},
	volume = {9},
	number = {4},
	pages = {1100-1127},
	year = {1999},
	doi = {10.1137/S1052623498345075}}
	
@article{linmore:1999b,
	author = {C.-J. Lin and J.J Mor\'e},
	title = {Incomplete {Cholesky} Factorizations with limited memory},
	journal = {SIAM Journal on Scientific Computing},
	volume = {21},
	number = {1},
	pages = {24-45},
	year = {1999},
	doi = {10.1137/S1064827597327334}}
	
	
@article{mehrotra:1992,
	author = {S. Mehrotra},
	title = {On the implementation of a primal-dual interior point method},
	journal = {SIAM Journal on Optimization},
	volume = {2},
	number = {4},
	pages = {575-601},
	year = {1992}}
	
@article{murrayprieto:1995,
	author = {W. Murray and J. Prieto},
	title = {A {Sequential Quadratic Programming} algorithm using an incomplete solution of the subproblem},
	journal = {SIAM Journal on Optimization},
	volume = {5},
	number = {3},
	pages = {590-640},
	year = {1995}}
	
@article{portugal-etal:1994,
	author = {L.F. Portugal and J.J. J\'udice and L.N. Vicente},
	title = {A comparison of block pivoting and interior-point algorithms for linear least-squares problems with nonnegative variables},
	journal = {Mathematics of Computation},
	volume = {63},
	number = {208},
	pages = {625-643},
	year = {1994}}
	
@article{arreckxorban2018,
	author = {S. Arreckx and D. Orban},
	title = {A regularized factorization-free method for equality-constrained optimization},
	journal = {SIAM Journal on Optimization},
	volume = {28},
	number = {2},
	pages = {1613-1639},
	year = {2018},
	doi = {10.1137/16M1088570}}
	
@article{armand-etal:2013,
	author = {P. Armand and J. Benoist and D. Orban},
	title = {From global to local convergence of interior methods for nonlinear optimization},
	journal = {Optimization Methods and Sfotware},
	volume = {28},
	number = {5},
	pages = {1051-1080},
	year = {2013},
	doi = {10.1080/10556788.2012.668905}}
	
@article{rosen:1961a,
	author = {J.B. Rosen},
	title = {The gradient projection method for nonlinear programming. {Part I.} Linear Constraints},
	journal = {Journal of the Society for Industrial and Applied Mathematics},
	volume = {8},
	number = {1},
	pages = {181-217},
	year = {1961}}
	
@article{rosen:1961b,
	author = {J.B. Rosen},
	title = {The gradient projection method for nonlinear programming. {Part II.} Nonlinear Constraints},
	journal = {Journal of the Society for Industrial and Applied Mathematics},
	volume = {9},
	number = {4},
	pages = {514-532},
	year = {1961},
	doi = {10.1137/0109044}}
	
@article{schittkowski:1985,
	author = {K. Schittkowski},
	title = {{NLPQL}: A {Fortran} subroutine solving constrained nonlinear programming problems},
	journal = {Annals of Operations Research},
	volume = {5},
	pages = {484-500},
	year = {1985}}

@article{steihaug:1983,
	author = {T. Steihaug},
	title = {The conjugate gradient method and trust regions in large scale optimization},
	journal = {SIAM Journal on Numerical Analysis},
	volume = {20},
	number = {3},
	pages = {626-637},
	year = {1983},
	doi = {10.1137/0720042}}
	
@article{vamderbeishanno:1999,
	author = {R.J. Vanderbei and D.F. Shanno},
	title = {An interior-point algorithm for nonconvex nonlinear programming},
	journal = {Computational Optimization and Applications},
	volume = {13},
	pages = {231-252},
	year = {1999},
	doi = {10.1023/A:1008677427361}}
	
@article{wachterbiegler:2005a,
	author = {A. W\"achter and L.T. Biegler},
	title = {Line search filter methods for nonlinear programming: motivation and global convergence},
	journal = {SIAM Journal on Optimization},
	volume = {16},
	number = {1},
	pages = {1-31},
	year = {2005},
	doi = {10.1137/S1052623403426556}}
	
@article{wachterbiegler:2005b,
	author = {A. W\"achter and L.T. Biegler},
	title = {Line search filter methods for nonlinear programming: local convergence},
	journal = {SIAM Journal on Optimization},
	volume = {16},
	number = {1},
	pages = {32-48},
	year = {2005},
	doi = {10.10.1137/S1052623403426544}}	

@article{wachterbiegler:2006,
	author = {A. W\"achter and L.T. Biegler},
	title = {On the implementation of an interior-point filter line-search algorithm for large-scale nonlinear programming},
	journal = {Mathematical Programming, Series A},
	volume = {106},
	pages = {25-57},
	year = {2006},
	doi = {10.1007/s10107-004-0559-y}}


@article{newton-etal:2022,
	title={Retrospective Approximation for Smooth Stochastic Optimization}, 
	author={D. Newton and R. Bollapragada and R. Pasupathy and N. K. Yip},
	year={2022},
	volume={2103.04392},
	journal={arXiv eprint}}
	
@article{healyschruben:1991,
	author = {K. Healy and L.W. Schruben},
	title = {Restrospective simulation response optimization},
	journal = {Proceedings of the 1991 Winter Simulation Conference},
	pages = {954-957},
	year = {1991}}
	
@article{cartis-etal:2022,
	author = {C. Cartis and J. Fowkes and Z. Shao},
	title = {Randomised subspace methods for non-convex optimization with applications to nonlinear least-squares},
	journal = {arXiv eprint},
	volume = {2211.09873},
	year = {2022}}
	

@phdthesis{maratos:1978,
	author = {N. Maratos},
	title = {Exact penalty function algorithms for finite dimensional and control optimization problems},
	year = {1978},
	school = {University of London},
	address = {Londres}}
	
@phdthesis{newton:2023,
	author = {D. Newton},
	title = {Restrospective Approximation for Smooth Stochastic Optimization},
	year = {2023},
	school = {Purdue University},
	address = {West Lafayette, IN, USA}}

@phdthesis{omojokun:1990, 
	author = {E.O. Omojokun}, 
	title = {Trust Region Algorithms for Optimization with Nonlinear Equality and Inequality Constraints}, 
	year = {1990}, 
	school = {University of Colorado}, 
	address = {Boulder, CO, USA},
	doi = {10.5555/76519}}
	
@phdthesis{wachter:2002,
	author = {A. W\"achter},
	title = {An Interior Point Algorithm for Large-Scale Nonlinear Optimization	with Applications in Process Engineering},
	year = {2002},
	school = {Canergie Mellon University},
	address = {Pittsburg, PA, USA}}
	
@phdthesis{wong:2011,
	author = {E. Wong},
	title = {Active-Set Methods for Quadratic Programming},
	year = {2011},
	school = {University of California},
	address = {San Diego, CA, USA}}
	

@Inbook{schittkowski1988,
	author = {K. Schittkowski},
	title = {Solving Constrained Nonlinear Least Squares Problems by a General Purpose SQP-Method},
	bookTitle = {Trends in Mathematical Optimization: 4th French-German Conference on Optimization},
	year = {1988},
	publisher = {Birkh{\"a}user Basel},
	address = {B\^ale},
	pages = {295-309},
	doi = {10.1007/978-3-0348-9297-1_19}}

@book{dennisschnabel:1996,
	author    = {J.E. {Dennis Jr} and R.B. Schnabel},
	publisher = {SIAM},
	address    = {Philadelphia, PA, USA},
	title     = {Numerical Methods for Unconstrained optimization and Nonlinear Equations},
	year      = {1996},
	doi       = {10.1137/1.9781611971200},
	series    = {Classics in Applied Mathematics}}

@book{hockschittkowski:1980,
	author    = {W. Hock and K. Schittkowski},
	edition   = {Seconde},
	publisher = {Springer},
	address   = {Berlin, Heidelberg},
	series    = {Lecture Notes in Economics and Mathematical Systems},
	volume    = {187},
	title     = {Test Examples for Nonlinear Programming Codes},
	year      = {1980},
	doi       = {10.1007/978-3-642-48320-2}}

@book{nocedalwright:2006,
	author    = {J. Nocedal and S.J. Wright},
	edition   = {Seconde},
	publisher = {Springer},
	address   = {New York, NY, USA}, 
	series    = {Springer series in Operation Reasearch and Financial Engineering},
	title     = {Numerical Optimization},
	year      = {2006},
	doi       = {10.1007/978-0-387-40065-5}}
  
@book{gillmurraywright:1985,
 	author    = {P.E. Gill and W. Murray and M.H. Wright},
 	publisher = {Academic Press},
 	address   = {San Diego, CA, USA}, 
 	title     = {Practical Optimization},
 	year      = {1981},
 	doi       = {10.1007/978-0-387-40065-5}}

@book{conn-etal:2000,
	author = {A.R. Conn and N.I.M Gould and {Ph}.L. Toint},
	title = {Trust Region Methods},
	publisher = {SIAM: Society of Industrial and Applied Mathematics},
	year = {2000},
	doi = {10.1137/1.9780898719857},
	address = {Philadelphia, PA, USA}}

@book{conn-etal:1992,
	author = {A.R. Conn and N.I.M Gould and {Ph}.L. Toint},
	title  = {LANCELOT: A Fortran Package for Large-Scale Nonlinear Optimization (Release A)},
	year = {1992},
	series = {Springer Series in Computational Mathematics},
	doi = {10.1007/978-3-662-12211-2},
	publisher = {Springer Berlin},
	address = {Heidelberg}}
	
@book{hastietibshiranifriedman:2009,
	author    = {T. Hastie and R. Tibshirani and J. Friedman},
	edition   = {Seconde},
	publisher = {Springer},
	series    = {Springer Series in Statistics},
	title     = {The Elements of Statistical Learning: Data Mining, Inference and Prediction},
	year      = {2009}}
 
@book{golubvanloan:2013,
 	author = {G.H. Golub and C.F. van Loan},
 	edition = {Quatri\`eme},
 	publisher = {JHU Press},
 	address = {Maryland, MD, USA},
 	title = {Matrix Computations},
 	year = {2013},
 	doi = {10.56021/9781421407944}}
 	
@book{shapirodentchevaruszczynski:2021,
	author = {A. Shapiro and D. Dentcheva and A. Ruszy\`nski},
	title = {Lectures on Stochastic Programming: Modeling and Theory},
	edition = {Troisi\`eme},
	publisher = {SIAM: Society for Industrial and Applied Mathematics},
	address = {Philadelphia, PA, USA},
	year = {2021}}
